@misc{Laato2011,
	author       = {Taisto Laato},
	title        = {Tyypillisen kiehutusvesireaktorin polttoainenipun aksiaalinen nuklidijakauma 60 {MWd/kgHM} palamalla},
	howpublished = {Bachelor's Thesis, Aalto University},
	year         = {2011},
	note         = {(In Finnish)},
}

@misc{Rintala2008,
	author       = {Lauri Rintala},
	title        = {{KÄYTETYN} {TORIUMPOLTTOAINEEN} {SÄTEILYMYRKYLLISYYS}},
	howpublished = {Bachelor's Thesis, Helsinkin University of Technology},
	year         = {2008},
	note         = {(In Finnish)},
}

@misc{Isotalo2007,
	author       = {Aarno Isotalo},
	title        = {$^{232}${U}:n vaikutus proliferaatioon suljetussa toriumkierrossa},
	howpublished = {Bachelor's Thesis, Helsinki University of Technology},
	year         = {2007},
	note         = {(In Finnish)},
}

@misc{nndc,
	author       = {{National Nuclear Data Center}},
	howpublished = {\url{http://www.nndc.bnl.gov/}, referenced 18.8.2011}
}


@misc{jendl,
	author       = {{J}apan {A}tomic {E}nergy {A}gency},
	title        = {{J}apanese {E}valuated {N}uclear {D}ata {L}ibrary},
	howpublished = {\url{http://wwwndc.jaea.go.jp/jendl/jendl.html}, referenced 18.8.2011},
}

@misc{jeff,
	author       = {{{NEA} {D}ata {B}ank}},
	title        = {{JEFF-3.1.1} evaluated data library},
	howpublished = {\url{http://www.oecd-nea.org/dbforms/data/eva/evatapes/jeff_31/index-JEFF3.1.1.html}, referenced 18.8.2011},
}

@misc{cendl,
	author       = {{C}hina {N}uclear {D}ata {C}enter},
	title        = {{CENDL-3.1} - {T}he {C}hinese {E}valuated {N}uclear {D}ata {L}ibrary},
	howpublished = {\url{http://www.oecd-nea.org/dbforms/data/eva/evatapes/cendl_31/}, referenced 18.8.2011},
}

@misc{brond,
	author       = {{R}ussian {N}uclear {D}ata {C}enter},
	title        = {{BROND-2} ({R}ussian neutron evaluated data files ver.2)},
	howpublished = {\url{http://www.ippe.obninsk.ru/podr/cjd/page4_1_cjd.php}, referenced 18.8.2011},
}

@misc{endf,
	author       = {{National Nuclear Data Center}},
	title        = {{E}valuated {N}uclear {D}ata {F}ile {(ENDF)}},
	howpublished = {\url{http://www.nndc.bnl.gov/exfor/endf00.jsp}, referenced 18.8.2011}
}

@misc{ST72,
	author       = {Säteilyturvakeskus},
	title        = {Ohje {ST} $7.2$},
	howpublished = {\url{http://www.finlex.fi/data/normit/4406-7_2.pdf}, referenced 25.10.2011},
	year         = {2007},
	note         = {(In Finnish)},
}

@misc{ST73,
	author       = {Säteilyturvakeskus},
	title        = {Ohje {ST} $7.3$},
	howpublished = {\url{http://www.finlex.fi/data/normit/5774-7_3.pdf}, referenced 25.10.2011},
	year         = {2007},
	note         = {Appendices from a paper copy. (In Finnish)},
}

@book{Stacey2001,
	author       = {Weston M. Stacey},
	title        = {{N}uclear {R}eactor {P}hysics},
	publisher    = {{J}ohn {W}iley \& {S}ons, {I}nc.},
	year         = {2001},
	note         = {ISBN 0-471-39127-1},
}

@book{table_of_radioactive_isotopes,
	author       = {Edgardo Browne and Richard B. Firestone},
	title        = {{T}able of {R}adioactive {I}sotopes},
	publisher    = {{J}ohn {W}iley \& {S}ons, {I}nc.},
	year         = {1986},
	note         = {ISBN 0-471-84909-X},
}

@misc{Alaheikkila,
	author       = {Jarmo Ala-heikkilä},
	note         = {Personal communication, 12.12.2011},
}

@misc{Forsberg,
	title        = {{D}efinition of {W}eapons-{U}sable {U}ranium-233},
	author       = {C. W. Forsberg and C. M. Hopper and J. L. Richter and H. C. Vantine},
	year         = {1998},
	howpublished = {ORNL/TM-13517},
	note         = {\url{http://www.ornl.gov/sci/radiation_transport_criticality/HopperPubs/DefWeaponsUsableU-233ORNLTM13517.pdf}},
}

@misc{stuk_jate_matala_keski,
	author       = {Säteilyturvakeskus},
	title        = {Matala- ja keskiaktiiviset jätteet},
	howpublished = {\url{http://www.stuk.fi/ydinturvallisuus/ydinjatteet/ydinjate/fi_FI/matalat/}, referenced 16.12.2011},
	year         = {2009},
	note         = {(In Finnish)},
}

@misc{stuk_jate_korkea,
	author       = {Säteilyturvakeskus},
	title        = {Korkea-aktiiviset jätteet},
	howpublished = {\url{http://www.stuk.fi/ydinturvallisuus/ydinjatteet/ydinjate/fi_FI/korkea/}, referenced 16.12.2011},
	year         = {2009},
	note         = {(In Finnish)},
}

@misc{iaea_safety_series_950,
	author       = {{I}nternational {A}tomic {E}nergy {A}gency},
	title        = {{C}lassification of {R}adioactive {W}aste},
	howpublished = {\url{http://www-pub.iaea.org/MTCD/publications/PDF/Pub950e_web.pdf}, referenced 16.12.2011},
	year         = {1994},
}

@misc{ircp30part1,
	author       = {{I}nternational {S}ystem of {R}adiological {P}rotection},
	title        = {{ICRP} {P}ublication~30 {P}art~1, {L}imits for {I}ntakes of {R}adionuclides by {W}orkers},
	howpublished = {Based on \url{http://www.sciencedirect.com/science/journal/01466453/2/3-4/part/P1}, referenced 21.12.2011},
	year         = {1979},
}

@misc{Sorensen_2010,
	author       = {{K}irk {S}orensen},
	title        = {{I}s {N}uclear {W}aste {R}eally {W}aste?},
	howpublished = {\url{http://www.youtube.com/watch?v=rv-mFSoZOkE}, referenced 2.1.2012},
	year         = {2010},
}

@misc{IAEA_glossary,
	author       = {{I}nternational {A}tomic {E}nergy {A}gency},
	title        = {{IAEA} {S}afety {G}lossary},
	howpublished = {\url{http://www-pub.iaea.org/MTCD/publications/PDF/Pub1290_web.pdf}, referenced 2.1.2012},
	year         = {2007},
}

@article{Yoshiki_2011,
	author       = {Yoshiki KIMURA and Masaki SAITO and Hiroshi SAGARA}, 
	title        = {{E}valuation of {P}roliferation {R}esistance of {P}lutonium {B}ased on {D}ecay {H}eat},
	journal      = {Journal of Nuclear Science and Technology},
	year         = {2011},
	volume       = {48},
	number       = {5},
	pages        = {715-723},
}

@misc{Forsberg_1999,
	author       = {C. W. Forsberg and E. C. Beahm and L. R. Dole and A. S. Icenhour and S. N. Storch},
	title        = {{D}isposition {O}ptions for {Uranium-233}},
	institution  = {{I}daho {N}ational {E}ngineering and {E}nvironmental {L}aboratory},
	year         = {1999},
	note         = {ORNL/TM-13553, \url{http://energyfromthorium.com/pdf/ORNL-TM-13553.pdf}, refenced 3.1.2012},
}

@misc{lanl_njoy,
	author = {{Los Alamos National Laboratory}},
	title = {{NJOY} 99},
	howpublished = {\url{http://t2.lanl.gov/codes/njoy99/index.html}, referenced 2.8.2011}
}

@book{Debertin,
	author       = {Klaus Debertin and Richard {G} Helmer},
	title        = {{GAMMA-} {AND} {X-RAY} {SPECTROMETRY} {WITH} {SEMICONDUCTOR} {DETECTORS}},
	publisher    = {Elsevier Science Publishes B.V.},
	year         = {1988},
	note         = {ISBN:~0~444~871071},
}

@manual{casmo4,
	title        = {{CASMO-4} {A} {FUEL} {ASSEMBLY} {BURNUP} {PROGRAM}, {U}ser's {M}anual},},
	organization = {Studsvik Scandpower, Inc.},
	edition      = {{SSP-09/443-U} {R}ev 0, {U}niversity {R}elease},
}

@manual{casmo4e,
	title        = {{CASMO-4E} {E}xtended {C}apability {CASMO-4}, {U}ser's {M}anual},
	organization = {Studsvik Scandpower, Inc.},
	edition      = {{SSP-09/442-U} {R}ev 0, {U}niversity {R}elease},
}

comments must not contains (at) -characters.
book{,
	author       = {},
	title        = {},
	publisher    = {},
	year         = {},
	note         = {},
}

techreport{,
	author       = {required},
	title        = {required},
	institution  = {required},
	year         = {required},
	type         = {},
	number       = {},
	address      = {},
	month        = {},
	note         = {},
	key          = {},
}

misc{,
	author       = {},
	title        = {},
	howpublished = {},
	year         = {},
%	month        = {},
	note         = {},
}

article{
	author       = {required}, 
	title        = {required},
	journal      = {required},
	year         = {required},
	volume       = {},
	number       = {},
	pages        = {},
	month        = {},
	note         = {},
	key          = {}
}

