


@article{Newman_2000,
   title		= {Efficient Monte Carlo Algorithm and High-Precision Results for Percolation},
   volume		= {85},
   ISSN			= {1079-7114},
   url			= {http://dx.doi.org/10.1103/PhysRevLett.85.4104},
   DOI 			= {10.1103/physrevlett.85.4104},
   number		= {19},
   journal		= {Physical Review Letters},
   publisher	= {American Physical Society (APS)},
   author 		= {Newman, M. E. J. and Ziff, R. M.},
   year			= {2000},
   month		= {Nov},
   pages		= {4104â€“4107}
}

@book{Gould_2006,
	author       = {Gould, H and Tobochnik, J. and Wolfgang Christian, W},
	title        = {An Introduction to Computer Simulation Methods: Applications to Physical Systems},
	publisher    = {Addison-Wesley},
	year         = {2006},
	note         = {Third edition},
}

@article{Newman_2001,
   title		= {Fast Monte Carlo algorithm for site or bond percolation},
   volume		= {64},
   ISSN			= {1095-3787},
   url			= {http://dx.doi.org/10.1103/PhysRevE.64.016706},
   DOI 			= {10.1103/physreve.64.016706},
   number		= {1},
   journal		= {Physical Review E},
   publisher	= {American Physical Society (APS)},
   author		= {Newman, M. E. J. and Ziff, R. M.},
   year			= {2001},
   month		= {Jun}
}


@article{Mertens_2012,
   title={Continuum percolation thresholds in two dimensions},
   volume={86},
   ISSN={1550-2376},
   url={http://dx.doi.org/10.1103/PhysRevE.86.061109},
   DOI={10.1103/physreve.86.061109},
   number={6},
   journal={Physical Review E},
   publisher={American Physical Society (APS)},
   author={Mertens, Stephan and Moore, Cristopher},
   year={2012},
   month={Dec}
}
comments must not contains (at) -characters.
book{,
	author       = {},
	title        = {},
	publisher    = {},
	year         = {},
	note         = {},
}

techreport{,
	author       = {required},
	title        = {required},
	institution  = {required},
	year         = {required},
	type         = {},
	number       = {},
	address      = {},
	month        = {},
	note         = {},
	key          = {},
}

misc{,
	author       = {},
	title        = {},
	howpublished = {},
	year         = {},
%	month        = {},
	note         = {},
}

article{
	author       = {required}, 
	title        = {required},
	journal      = {required},
	year         = {required},
	volume       = {},
	number       = {},
	pages        = {},
	month        = {},
	note         = {},
	key          = {}
}

